<?xml version="1.0" encoding="UTF-8" standalone="no"?>
<searchRetrieveResponse xmlns="http://www.loc.gov/zing/srw/">
  <version>1.2</version>
  <numberOfRecords>239392</numberOfRecords>
  <records>
    <record>
      <recordSchema>marcxml</recordSchema>
      <recordPacking>xml</recordPacking>
      <recordData>
        <record xmlns="http://www.loc.gov/MARC21/slim">
          <leader>     naa  22      i 4500</leader>
          <controlfield tag="001">9911676899703961</controlfield>
          <controlfield tag="005">20201211182147.0</controlfield>
          <controlfield tag="008">201210s                          e chi^^</controlfield>
          <datafield ind1=" " ind2=" " tag="035">
            <subfield code="a">9911676899703961</subfield>
          </datafield>
          <datafield ind1="1" ind2=" " tag="245">
            <subfield code="a">·附录· “中国近代史上的民族主义”国际学术研讨会综述</subfield>
          </datafield>
          <datafield ind1=" " ind2=" " tag="260">
            <subfield code="b">社会科学文献出版社</subfield>
            <subfield code="c">2012</subfield>
          </datafield>
          <datafield ind1=" " ind2=" " tag="AVE">
            <subfield code="8">53450029640003961</subfield>
            <subfield code="c">61445461100003961</subfield>
            <subfield code="e">Available</subfield>
            <subfield code="m">皮书数据库</subfield>
          </datafield>
        </record>
      </recordData>
      <recordIdentifier>9911676899703961</recordIdentifier>
      <recordPosition>1</recordPosition>
    </record>