
    <record>
      <recordSchema>marcxml</recordSchema>
      <recordPacking>xml</recordPacking>
      <recordData>
        <record xmlns="http://www.loc.gov/MARC21/slim">
          <leader>     nam  22      i 4500</leader>
          <controlfield tag="001">990006328110203961</controlfield>
          <controlfield tag="005">20180624052758.0</controlfield>
          <controlfield tag="008">100622s2008           d          e chi^^</controlfield>
          <datafield ind1=" " ind2=" " tag="020">
            <subfield code="a">978-7-04-024765-7</subfield>
            <subfield code="c">CNY29.00</subfield>
          </datafield>
          <datafield ind1=" " ind2=" " tag="035">
            <subfield code="a">990006328110203961</subfield>
          </datafield>
          <datafield ind1=" " ind2=" " tag="035">
            <subfield code="a">(aleph)000632811BNU03</subfield>
          </datafield>
          <datafield ind1=" " ind2="0" tag="040">
            <subfield code="a">HTST</subfield>
          </datafield>
          <datafield ind1=" " ind2="2" tag="040">
            <subfield code="a">BNU</subfield>
          </datafield>
          <datafield ind1="1" ind2=" " tag="245">
            <subfield code="a">'08中国改革跟踪报告</subfield>
            <subfield code="c">国家发展和改革委员会经济体制与管理研究所课题组编</subfield>
          </datafield>
          <datafield ind1=" " ind2=" " tag="260">
            <subfield code="a">北京</subfield>
            <subfield code="b">高等教育出版社</subfield>
            <subfield code="c">2008</subfield>
          </datafield>
          <datafield ind1=" " ind2=" " tag="300">
            <subfield code="a">233页</subfield>
            <subfield code="c">23cm</subfield>
          </datafield>
          <datafield ind1=" " ind2=" " tag="AVA">
            <subfield code="0">990006328110203961</subfield>
            <subfield code="8">22196328920003961</subfield>
            <subfield code="a">86BNU_INST</subfield>
            <subfield code="b">MDMP</subfield>
            <subfield code="c">中文书—A-H(主馆四层)</subfield>
            <subfield code="d">D61 bnu201</subfield>
            <subfield code="e">available</subfield>
            <subfield code="f">2</subfield>
            <subfield code="g">0</subfield>
            <subfield code="j">BCPLA</subfield>
            <subfield code="k">8</subfield>
            <subfield code="p">1</subfield>
            <subfield code="q">总馆普通文献</subfield>
          </datafield>
          <datafield ind1=" " ind2=" " tag="AVA">
            <subfield code="0">990006328110203961</subfield>
            <subfield code="8">22196328890003961</subfield>
            <subfield code="a">86BNU_INST</subfield>
            <subfield code="b">MDMP</subfield>
            <subfield code="c">中文库本书—A-H(主馆六层)</subfield>
            <subfield code="d">D61 bnu201</subfield>
            <subfield code="e">available</subfield>
            <subfield code="f">1</subfield>
            <subfield code="g">0</subfield>
            <subfield code="j">BCPSA</subfield>
            <subfield code="k">8</subfield>
            <subfield code="p">2</subfield>
            <subfield code="q">总馆普通文献</subfield>
          </datafield>
        </record>
      </recordData>
      <recordIdentifier>990006328110203961</recordIdentifier>
      <recordPosition>2</recordPosition>
    </record>