
    <record>
      <recordSchema>marcxml</recordSchema>
      <recordPacking>xml</recordPacking>
      <recordData>
        <record xmlns="http://www.loc.gov/MARC21/slim">
          <leader>     nam  22      i 4500</leader>
          <controlfield tag="001">9910679562303961</controlfield>
          <controlfield tag="005">20190611124124.0</controlfield>
          <controlfield tag="008">190611s########                  e chi^^</controlfield>
          <datafield ind1=" " ind2=" " tag="020">
            <subfield code="a">7-5639-1736-5</subfield>
          </datafield>
          <datafield ind1=" " ind2=" " tag="035">
            <subfield code="a">9910679562303961</subfield>
          </datafield>
          <datafield ind1=" " ind2=" " tag="035">
            <subfield code="a">CXEBK11773970</subfield>
          </datafield>
          <datafield ind1=" " ind2="0" tag="040">
            <subfield code="a">BNU</subfield>
          </datafield>
          <datafield ind1="1" ind2=" " tag="245">
            <subfield code="a">'2006中国小说排行榜</subfield>
            <subfield code="h">电子资源</subfield>
            <subfield code="c">《小说选刊》杂志社编选</subfield>
          </datafield>
          <datafield ind1=" " ind2=" " tag="260">
            <subfield code="b">北京工业大学出版社</subfield>
            <subfield code="c">2007</subfield>
          </datafield>
          <datafield ind1=" " ind2=" " tag="300">
            <subfield code="a">在线资源(332页)</subfield>
          </datafield>
          <datafield ind1=" " ind2=" " tag="AVE">
            <subfield code="8">53371600950003961</subfield>
            <subfield code="c">61350263510003961</subfield>
            <subfield code="e">Available</subfield>
            <subfield code="m">超星电子图书</subfield>
          </datafield>
        </record>
      </recordData>
      <recordIdentifier>9910679562303961</recordIdentifier>
      <recordPosition>6</recordPosition>
    </record>