
    <record>
      <recordSchema>marcxml</recordSchema>
      <recordPacking>xml</recordPacking>
      <recordData>
        <record xmlns="http://www.loc.gov/MARC21/slim">
          <leader>     cam  22     -- 4500</leader>
          <controlfield tag="001">990000742440203961</controlfield>
          <controlfield tag="005">20180625021326.0</controlfield>
          <controlfield tag="008">921022s1992           d          e chi^^</controlfield>
          <datafield ind1=" " ind2=" " tag="020">
            <subfield code="a">7-5426-0585-2</subfield>
            <subfield code="c">CNY11.50</subfield>
          </datafield>
          <datafield ind1=" " ind2=" " tag="035">
            <subfield code="a">990000742440203961</subfield>
          </datafield>
          <datafield ind1=" " ind2=" " tag="035">
            <subfield code="a">(aleph)000074244BNU03</subfield>
          </datafield>
          <datafield ind1=" " ind2="0" tag="040">
            <subfield code="a">BSD</subfield>
          </datafield>
          <datafield ind1=" " ind2="2" tag="040">
            <subfield code="a">BSD</subfield>
          </datafield>
          <datafield ind1="1" ind2=" " tag="245">
            <subfield code="a">'90中国犹太学研究总汇</subfield>
            <subfield code="c">朱威烈,金应忠编</subfield>
          </datafield>
          <datafield ind1=" " ind2=" " tag="260">
            <subfield code="a">上海</subfield>
            <subfield code="b">三联书店上海分店</subfield>
            <subfield code="c">1992.8</subfield>
          </datafield>
          <datafield ind1=" " ind2=" " tag="300">
            <subfield code="a">314页</subfield>
            <subfield code="c">20cm</subfield>
          </datafield>
          <datafield ind1="0" ind2=" " tag="700">
            <subfield code="a">朱威烈</subfield>
            <subfield code="4">编</subfield>
          </datafield>
          <datafield ind1="0" ind2=" " tag="700">
            <subfield code="a">金应忠</subfield>
            <subfield code="4">编</subfield>
          </datafield>
          <datafield ind1=" " ind2=" " tag="AVA">
            <subfield code="0">990000742440203961</subfield>
            <subfield code="8">22237621790003961</subfield>
            <subfield code="a">86BNU_INST</subfield>
            <subfield code="b">MDMP</subfield>
            <subfield code="c">中文库本书—IJKZ(主馆七层)</subfield>
            <subfield code="d">K18 7</subfield>
            <subfield code="e">available</subfield>
            <subfield code="f">1</subfield>
            <subfield code="g">0</subfield>
            <subfield code="j">BCPSZ</subfield>
            <subfield code="k">8</subfield>
            <subfield code="p">1</subfield>
            <subfield code="q">总馆普通文献</subfield>
          </datafield>
          <datafield ind1=" " ind2=" " tag="AVA">
            <subfield code="0">990000742440203961</subfield>
            <subfield code="8">22237621810003961</subfield>
            <subfield code="a">86BNU_INST</subfield>
            <subfield code="b">MDMP</subfield>
            <subfield code="c">中文预约书—1986-1995(主馆地下二层戊区)</subfield>
            <subfield code="d">K18 7</subfield>
            <subfield code="e">available</subfield>
            <subfield code="f">1</subfield>
            <subfield code="g">0</subfield>
            <subfield code="j">BCPH8</subfield>
            <subfield code="k">8</subfield>
            <subfield code="p">2</subfield>
            <subfield code="q">总馆普通文献</subfield>
          </datafield>
        </record>
      </recordData>
      <recordIdentifier>990000742440203961</recordIdentifier>
      <recordPosition>8</recordPosition>
    </record>