
    <record>
      <recordSchema>marcxml</recordSchema>
      <recordPacking>xml</recordPacking>
      <recordData>
        <record xmlns="http://www.loc.gov/MARC21/slim">
          <leader>     nam  22      i 4500</leader>
          <controlfield tag="001">9910694470203961</controlfield>
          <controlfield tag="005">20190627190421.0</controlfield>
          <controlfield tag="008">190627s########                  e chi^^</controlfield>
          <datafield ind1=" " ind2=" " tag="020">
            <subfield code="a">7-221-02968-7</subfield>
          </datafield>
          <datafield ind1=" " ind2=" " tag="035">
            <subfield code="a">9910694470203961</subfield>
          </datafield>
          <datafield ind1=" " ind2=" " tag="035">
            <subfield code="a">CXEBK11025789</subfield>
          </datafield>
          <datafield ind1=" " ind2="0" tag="040">
            <subfield code="a">BNU</subfield>
          </datafield>
          <datafield ind1="1" ind2=" " tag="245">
            <subfield code="a">'92中国备忘</subfield>
            <subfield code="h">电子资源</subfield>
            <subfield code="c">房方，周晓农编</subfield>
          </datafield>
          <datafield ind1=" " ind2=" " tag="260">
            <subfield code="b">贵州人民出版社</subfield>
            <subfield code="c">1993</subfield>
          </datafield>
          <datafield ind1=" " ind2=" " tag="300">
            <subfield code="a">在线资源(385页)</subfield>
          </datafield>
          <datafield ind1="0" ind2=" " tag="700">
            <subfield code="a">房方</subfield>
          </datafield>
          <datafield ind1="0" ind2=" " tag="700">
            <subfield code="a">周晓农</subfield>
          </datafield>
          <datafield ind1=" " ind2=" " tag="AVE">
            <subfield code="8">53375879850003961</subfield>
            <subfield code="c">61350263510003961</subfield>
            <subfield code="e">Available</subfield>
            <subfield code="m">超星电子图书</subfield>
          </datafield>
        </record>
      </recordData>
      <recordIdentifier>9910694470203961</recordIdentifier>
      <recordPosition>9</recordPosition>
    </record>